<record><leader>00000cas a2200000 a 4500</leader><controlfield tag="001">9191914</controlfield><controlfield tag="008">830204d19uu1931iluwr ne      0   a0eng c</controlfield><datafield ind1=" " ind2=" " tag="010"><subfield code="a">sn 94054233 </subfield></datafield><datafield ind1=" " ind2=" " tag="040"><subfield code="a">IHG</subfield><subfield code="b">eng</subfield><subfield code="c">IHG</subfield><subfield code="d">NVF</subfield><subfield code="d">CVF</subfield><subfield code="d">OCLCQ</subfield><subfield code="d">NVF</subfield><subfield code="d">OCLCQ</subfield><subfield code="d">OCLCF</subfield><subfield code="d">NVF</subfield><subfield code="d">OCLCO</subfield><subfield code="d">OCLCA</subfield><subfield code="d">NVF</subfield><subfield code="d">OCLCO</subfield><subfield code="d">OCL</subfield></datafield><datafield ind1=" " ind2=" " tag="042"><subfield code="a">pcc</subfield></datafield><datafield ind1=" " ind2=" " tag="043"><subfield code="a">n-us-il</subfield></datafield><datafield ind1="0" ind2=" " tag="130"><subfield code="a">Greater news (Niles Center, Ill.)</subfield></datafield><datafield ind1="1" ind2="0" tag="245"><subfield code="a">Greater news.</subfield></datafield><datafield ind1=" " ind2=" " tag="260"><subfield code="a">Niles Center, Ill. :</subfield><subfield code="b">Greater Niles Center Pub. Co.</subfield></datafield><datafield ind1=" " ind2=" " tag="300"><subfield code="a">v.</subfield></datafield><datafield ind1=" " ind2=" " tag="310"><subfield code="a">Weekly</subfield></datafield><datafield ind1="0" ind2=" " tag="362"><subfield code="a">-v. 7, no. 46 (Nov. 19, 1931).</subfield></datafield><datafield ind1=" " ind2=" " tag="500"><subfield code="a">On Nov. 15, 1940, Niles Center became the Village of Skokie.</subfield></datafield><datafield ind1=" " ind2=" " tag="588"><subfield code="a">Description based on: Vol. 6, no. 1 (Jan. 3, 1930).</subfield></datafield><datafield ind1=" " ind2="0" tag="651"><subfield code="a">Skokie (Ill.)</subfield><subfield code="v">Newspapers.</subfield></datafield><datafield ind1=" " ind2="0" tag="651"><subfield code="a">Morton Grove (Ill.)</subfield><subfield code="v">Newspapers.</subfield></datafield><datafield ind1=" " ind2="0" tag="651"><subfield code="a">Glenview (Cook County, Ill.)</subfield><subfield code="v">Newspapers.</subfield></datafield><datafield ind1=" " ind2="0" tag="651"><subfield code="a">Lincolnwood (Ill.)</subfield><subfield code="v">Newspapers.</subfield></datafield><datafield ind1=" " ind2="0" tag="651"><subfield code="a">Niles (Ill. : Township)</subfield><subfield code="v">Newspapers.</subfield></datafield><datafield ind1=" " ind2="7" tag="651"><subfield code="a">Illinois</subfield><subfield code="z">Niles (Township).</subfield><subfield code="2">fast</subfield><subfield code="0">(OCoLC)fst01340871</subfield></datafield><datafield ind1=" " ind2="7" tag="651"><subfield code="a">Illinois</subfield><subfield code="z">Glenview (Cook County)</subfield><subfield code="2">fast</subfield><subfield code="0">(OCoLC)fst01225354</subfield></datafield><datafield ind1=" " ind2="7" tag="651"><subfield code="a">Illinois</subfield><subfield code="z">Lincolnwood.</subfield><subfield code="2">fast</subfield><subfield code="0">(OCoLC)fst01268949</subfield></datafield><datafield ind1=" " ind2="7" tag="651"><subfield code="a">Illinois</subfield><subfield code="z">Morton Grove.</subfield><subfield code="2">fast</subfield><subfield code="0">(OCoLC)fst01217904</subfield></datafield><datafield ind1=" " ind2="7" tag="651"><subfield code="a">Illinois</subfield><subfield code="z">Skokie.</subfield><subfield code="2">fast</subfield><subfield code="0">(OCoLC)fst01206854</subfield></datafield><datafield ind1=" " ind2="7" tag="655"><subfield code="a">Newspapers.</subfield><subfield code="2">fast</subfield><subfield code="0">(OCoLC)fst01423814</subfield></datafield><datafield ind1=" " ind2=" " tag="752"><subfield code="a">United States</subfield><subfield code="b">Illinois</subfield><subfield code="c">Cook</subfield><subfield code="d">Niles Center.</subfield></datafield><datafield ind1=" " ind2=" " tag="752"><subfield code="a">United States</subfield><subfield code="b">Illinois</subfield><subfield code="c">Cook</subfield><subfield code="d">Skokie.</subfield></datafield><datafield ind1="0" ind2="0" tag="780"><subfield code="t">Greater Niles Center news</subfield><subfield code="w">(DLC)sn2001061303</subfield><subfield code="w">(OCoLC)45762825</subfield></datafield><datafield ind1="0" ind2="0" tag="785"><subfield code="t">News (Niles Center, Ill.)</subfield><subfield code="w">(DLC)sn 94054234</subfield><subfield code="w">(OCoLC)9192028</subfield></datafield><datafield ind1="1" ind2=" " tag="029"><subfield code="a">AU@</subfield><subfield code="b">000010972598</subfield></datafield></record>